<?xml version="1.0" encoding="UTF-8"?><collection xmlns="http://www.loc.gov/MARC21/slim"><record><leader>00451nam--2200133-i-4500</leader><controlfield tag="001">000046214</controlfield><controlfield tag="002">20161230</controlfield><controlfield tag="005">20161230201045</controlfield><controlfield tag="008">060222s1000------------r-----000-0-eng-d</controlfield><datafield ind1=" " ind2=" " tag="080"><subfield code="a">621.384.6(043)</subfield></datafield><datafield ind1=" " ind2=" " tag="100"><subfield code="a">Van Raaij, Alexander</subfield></datafield><datafield ind1=" " ind2=" " tag="245"><subfield code="a">Ein elektronenbeschleuniger mit einer stromstarken hochfrequenz-plasma-kathode zur erzeugung hoher dosisleistungen an atmosphase. dissert</subfield></datafield><datafield ind1=" " ind2=" " tag="260"><subfield code="a">Tubingen, Eberhard-karis-univ., 1987, 51p</subfield></datafield><datafield ind1=" " ind2=" " tag="852"><subfield code="a">74476</subfield></datafield></record></collection>